
@ARTICLE{Harlow1949-bd,
  title    = "The formation of learning sets",
  author   = "Harlow, H F",
  journal  = "Psychol. Rev.",
  volume   =  56,
  number   =  1,
  pages    = "51--65",
  month    =  jan,
  year     =  1949,
  keywords = "LEARNING",
  language = "en"
}


@article{behrens2018cognitive,
  title={What is a cognitive map? Organizing knowledge for flexible behavior},
  author={Behrens, Timothy EJ and Muller, Timothy H and Whittington, James CR and Mark, Shirley and Baram, Alon B and Stachenfeld, Kimberly L and Kurth-Nelson, Zeb},
  journal={Neuron},
  volume={100},
  number={2},
  pages={490--509},
  year={2018},
  publisher={Elsevier}
}